@article{altschul1990blast,
  title={Basic local alignment search tool},
  author={Altschul, Stephen F and Gish, Warren and Miller, Webb and Myers, Eugene W and Lipman, David J},
  journal={Journal of molecular biology},
  volume={215},
  number={3},
  pages={403--410},
  year={1990},
  publisher={Elsevier},
  doi={10.1016/S0022-2836(05)80360-2}
}

@article{jia2017card,
  title={CARD 2017: expansion and model-centric curation of the comprehensive antibiotic resistance database},
  author={Jia, Baofeng and Raphenya, Aliyu R and Alcock, Brian and Waglechner, Nicholas and Guo, Peng and Tsang, Katelyn K and Lago, Brendan A and Dave, Rajdeep and Pereira, Shaila and Sharma, Abhishek N and others},
  journal={Nucleic acids research},
  volume={45},
  number={D1},
  pages={D566--D573},
  year={2017},
  publisher={Oxford University Press},
  doi={10.1093/nar/gkw1004}
}

@article{zankari2012resfinder,
  title={Identification of acquired antimicrobial resistance genes},
  author={Zankari, Ea and Hasman, Henrik and Cosentino, Salvatore and Vestergaard, Martin and Rasmussen, Simon and Lund, Ole and Aarestrup, Frank M and Larsen, Mette V},
  journal={Journal of antimicrobial chemotherapy},
  volume={67},
  number={11},
  pages={2640--2644},
  year={2012},
  publisher={Oxford University Press},
  doi={10.1093/jac/dks261}
}

@article{eddy2011accelerated,
  title={Accelerated profile HMM searches},
  author={Eddy, Sean R},
  journal={PLoS computational biology},
  volume={7},
  number={10},
  pages={e1002195},
  year={2011},
  publisher={Public Library of Science},
  doi={10.1371/journal.pcbi.1002195}
}


@article{munim2024mdr,
  title={Whole genome sequencing of multidrug-resistant Klebsiella pneumoniae from poultry in Noakhali, Bangladesh: Assessing risk of transmission to humans in a pilot study},
  author={Munim, Md Adnan and Tanni, Afroza Akter and Hossain, Md Mobarok and Chakma, Kallyan and Mannan, Adnan and Islam, SM Rafiqul and Tiwari, Jully Gogoi and Gupta, Shipan Das},
  journal={Comparative Immunology, Microbiology and Infectious Diseases},
  volume={114},
  pages={102246},
  year={2024},
  publisher={Elsevier},
  doi={10.1016/j.cimid.2024.102246}
}
